@article{Kwarikunda_2021,
	doi = {10.1155/2021/4369959},
	url = {https://doi.org/10.1155%2F2021%2F4369959},
	year = 2021,
	month = {sep},
	publisher = {Hindawi Limited},
	volume = {2021},
	pages = {1--12},
	author = {Nicholas Kwarikunda and Zivayi Chiguvare},
	editor = {Koray Ulgen},
	title = {Performance Analysis of Clear Sky Global Horizontal Irradiance Models: Simple Models Adapted for Local Conditions},
	journal = {Journal of Renewable Energy}
}

@article{Djafer_2017,
	doi = {10.1016/j.renene.2016.08.038},
	url = {https://doi.org/10.1016%2Fj.renene.2016.08.038},
	year = 2017,
	month = {feb},
	publisher = {Elsevier {BV}},
	volume = {101},
	pages = {347--355},
	author = {D. Djafer and A. Irbah and M. Zaiani},
	title = {Identification of clear days from solar irradiance observations using a new method based on the wavelet transform},
	journal = {Renewable Energy}
}

